%YAML 1.1
%TAG !u! tag:unity3d.com,2011:
--- !u!1 &5384955087625603371
GameObject:
  m_ObjectHideFlags: 0
  m_CorrespondingSourceObject: {fileID: 0}
  m_PrefabInstance: {fileID: 0}
  m_PrefabAsset: {fileID: 0}
  serializedVersion: 6
  m_Component:
  - component: {fileID: 6376243644746110710}
  m_Layer: 0
  m_Name: DrumstickStand
  m_TagString: Untagged
  m_Icon: {fileID: 0}
  m_NavMeshLayer: 0
  m_StaticEditorFlags: 0
  m_IsActive: 1
--- !u!4 &6376243644746110710
Transform:
  m_ObjectHideFlags: 0
  m_CorrespondingSourceObject: {fileID: 0}
  m_PrefabInstance: {fileID: 0}
  m_PrefabAsset: {fileID: 0}
  m_GameObject: {fileID: 5384955087625603371}
  m_LocalRotation: {x: 0, y: 0, z: 0, w: 1}
  m_LocalPosition: {x: 0.09956848, y: -0.0496, z: 0.0083}
  m_LocalScale: {x: 0.01, y: 0.009999998, z: 0.009999998}
  m_Children:
  - {fileID: 5292213092806007630}
  - {fileID: 3377529607960484393}
  - {fileID: 2828739764474995841}
  - {fileID: 4735221633161230090}
  - {fileID: 8436864229190771884}
  - {fileID: 49233572806509681}
  - {fileID: 4041826991609740340}
  m_Father: {fileID: 0}
  m_RootOrder: 0
  m_LocalEulerAnglesHint: {x: 0, y: 0, z: 0}
--- !u!1 &7488250069581343209
GameObject:
  m_ObjectHideFlags: 0
  m_CorrespondingSourceObject: {fileID: 0}
  m_PrefabInstance: {fileID: 0}
  m_PrefabAsset: {fileID: 0}
  serializedVersion: 6
  m_Component:
  - component: {fileID: 2828739764474995841}
  - component: {fileID: 4507846057777246767}
  - component: {fileID: 2849858538943534924}
  - component: {fileID: 2711869049250937268}
  m_Layer: 0
  m_Name: Cube
  m_TagString: Untagged
  m_Icon: {fileID: 0}
  m_NavMeshLayer: 0
  m_StaticEditorFlags: 0
  m_IsActive: 1
--- !u!4 &2828739764474995841
Transform:
  m_ObjectHideFlags: 0
  m_CorrespondingSourceObject: {fileID: 0}
  m_PrefabInstance: {fileID: 0}
  m_PrefabAsset: {fileID: 0}
  m_GameObject: {fileID: 7488250069581343209}
  m_LocalRotation: {x: -0, y: -0, z: -0, w: 1}
  m_LocalPosition: {x: -0.0258483, y: 0.3952791, z: 0.61499035}
  m_LocalScale: {x: 0.7839148, y: 1, z: 0.37466988}
  m_Children: []
  m_Father: {fileID: 6376243644746110710}
  m_RootOrder: 2
  m_LocalEulerAnglesHint: {x: 0, y: 0, z: 0}
--- !u!33 &4507846057777246767
MeshFilter:
  m_ObjectHideFlags: 0
  m_CorrespondingSourceObject: {fileID: 0}
  m_PrefabInstance: {fileID: 0}
  m_PrefabAsset: {fileID: 0}
  m_GameObject: {fileID: 7488250069581343209}
  m_Mesh: {fileID: 10202, guid: 0000000000000000e000000000000000, type: 0}
--- !u!23 &2849858538943534924
MeshRenderer:
  m_ObjectHideFlags: 0
  m_CorrespondingSourceObject: {fileID: 0}
  m_PrefabInstance: {fileID: 0}
  m_PrefabAsset: {fileID: 0}
  m_GameObject: {fileID: 7488250069581343209}
  m_Enabled: 1
  m_CastShadows: 1
  m_ReceiveShadows: 1
  m_DynamicOccludee: 1
  m_MotionVectors: 1
  m_LightProbeUsage: 1
  m_ReflectionProbeUsage: 1
  m_RenderingLayerMask: 1
  m_RendererPriority: 0
  m_Materials:
  - {fileID: 2100000, guid: ed1bead99c74e70489696bada1bd5863, type: 2}
  m_StaticBatchInfo:
    firstSubMesh: 0
    subMeshCount: 0
  m_StaticBatchRoot: {fileID: 0}
  m_ProbeAnchor: {fileID: 0}
  m_LightProbeVolumeOverride: {fileID: 0}
  m_ScaleInLightmap: 1
  m_PreserveUVs: 0
  m_IgnoreNormalsForChartDetection: 0
  m_ImportantGI: 0
  m_StitchLightmapSeams: 1
  m_SelectedEditorRenderState: 3
  m_MinimumChartSize: 4
  m_AutoUVMaxDistance: 0.5
  m_AutoUVMaxAngle: 89
  m_LightmapParameters: {fileID: 0}
  m_SortingLayerID: 0
  m_SortingLayer: 0
  m_SortingOrder: 0
--- !u!65 &2711869049250937268
BoxCollider:
  m_ObjectHideFlags: 0
  m_CorrespondingSourceObject: {fileID: 0}
  m_PrefabInstance: {fileID: 0}
  m_PrefabAsset: {fileID: 0}
  m_GameObject: {fileID: 7488250069581343209}
  m_Material: {fileID: 0}
  m_IsTrigger: 0
  m_Enabled: 1
  serializedVersion: 2
  m_Size: {x: 1, y: 0.99999964, z: 0.99999964}
  m_Center: {x: 0.000015258789, y: -0.000022888184, z: -0.00024414062}
--- !u!1001 &1407002289513164203
PrefabInstance:
  m_ObjectHideFlags: 0
  serializedVersion: 2
  m_Modification:
    m_TransformParent: {fileID: 6376243644746110710}
    m_Modifications:
    - target: {fileID: 7235901436734793906, guid: 4b7d78051d509b447acdc9096dc195da,
        type: 3}
      propertyPath: m_Name
      value: drumstick (2)
      objectReference: {fileID: 0}
    - target: {fileID: 5922321316333361825, guid: 4b7d78051d509b447acdc9096dc195da,
        type: 3}
      propertyPath: m_LocalPosition.x
      value: -0.050842017
      objectReference: {fileID: 0}
    - target: {fileID: 5922321316333361825, guid: 4b7d78051d509b447acdc9096dc195da,
        type: 3}
      propertyPath: m_LocalPosition.y
      value: 0.9442751
      objectReference: {fileID: 0}
    - target: {fileID: 5922321316333361825, guid: 4b7d78051d509b447acdc9096dc195da,
        type: 3}
      propertyPath: m_LocalPosition.z
      value: 0.6250002
      objectReference: {fileID: 0}
    - target: {fileID: 5922321316333361825, guid: 4b7d78051d509b447acdc9096dc195da,
        type: 3}
      propertyPath: m_LocalRotation.x
      value: 0.0000000055879354
      objectReference: {fileID: 0}
    - target: {fileID: 5922321316333361825, guid: 4b7d78051d509b447acdc9096dc195da,
        type: 3}
      propertyPath: m_LocalRotation.y
      value: -0.9990483
      objectReference: {fileID: 0}
    - target: {fileID: 5922321316333361825, guid: 4b7d78051d509b447acdc9096dc195da,
        type: 3}
      propertyPath: m_LocalRotation.z
      value: 0.04361941
      objectReference: {fileID: 0}
    - target: {fileID: 5922321316333361825, guid: 4b7d78051d509b447acdc9096dc195da,
        type: 3}
      propertyPath: m_LocalRotation.w
      value: 0
      objectReference: {fileID: 0}
    - target: {fileID: 5922321316333361825, guid: 4b7d78051d509b447acdc9096dc195da,
        type: 3}
      propertyPath: m_RootOrder
      value: 3
      objectReference: {fileID: 0}
    - target: {fileID: 5922321316333361825, guid: 4b7d78051d509b447acdc9096dc195da,
        type: 3}
      propertyPath: m_LocalEulerAnglesHint.x
      value: 5
      objectReference: {fileID: 0}
    - target: {fileID: 5922321316333361825, guid: 4b7d78051d509b447acdc9096dc195da,
        type: 3}
      propertyPath: m_LocalEulerAnglesHint.y
      value: -179.99998
      objectReference: {fileID: 0}
    - target: {fileID: 5922321316333361825, guid: 4b7d78051d509b447acdc9096dc195da,
        type: 3}
      propertyPath: m_LocalEulerAnglesHint.z
      value: 0
      objectReference: {fileID: 0}
    - target: {fileID: 5922321316333361825, guid: 4b7d78051d509b447acdc9096dc195da,
        type: 3}
      propertyPath: m_LocalScale.x
      value: 0.7646976
      objectReference: {fileID: 0}
    - target: {fileID: 5922321316333361825, guid: 4b7d78051d509b447acdc9096dc195da,
        type: 3}
      propertyPath: m_LocalScale.y
      value: 0.7646977
      objectReference: {fileID: 0}
    - target: {fileID: 5922321316333361825, guid: 4b7d78051d509b447acdc9096dc195da,
        type: 3}
      propertyPath: m_LocalScale.z
      value: 0.7646977
      objectReference: {fileID: 0}
    m_RemovedComponents: []
  m_SourcePrefab: {fileID: 100100000, guid: 4b7d78051d509b447acdc9096dc195da, type: 3}
--- !u!4 &4735221633161230090 stripped
Transform:
  m_CorrespondingSourceObject: {fileID: 5922321316333361825, guid: 4b7d78051d509b447acdc9096dc195da,
    type: 3}
  m_PrefabInstance: {fileID: 1407002289513164203}
  m_PrefabAsset: {fileID: 0}
--- !u!1001 &1964123697721213423
PrefabInstance:
  m_ObjectHideFlags: 0
  serializedVersion: 2
  m_Modification:
    m_TransformParent: {fileID: 6376243644746110710}
    m_Modifications:
    - target: {fileID: 7235901436734793906, guid: 4b7d78051d509b447acdc9096dc195da,
        type: 3}
      propertyPath: m_Name
      value: drumstick
      objectReference: {fileID: 0}
    - target: {fileID: 5922321316333361825, guid: 4b7d78051d509b447acdc9096dc195da,
        type: 3}
      propertyPath: m_LocalPosition.x
      value: 0.20214841
      objectReference: {fileID: 0}
    - target: {fileID: 5922321316333361825, guid: 4b7d78051d509b447acdc9096dc195da,
        type: 3}
      propertyPath: m_LocalPosition.y
      value: 0.9442751
      objectReference: {fileID: 0}
    - target: {fileID: 5922321316333361825, guid: 4b7d78051d509b447acdc9096dc195da,
        type: 3}
      propertyPath: m_LocalPosition.z
      value: 0.6250002
      objectReference: {fileID: 0}
    - target: {fileID: 5922321316333361825, guid: 4b7d78051d509b447acdc9096dc195da,
        type: 3}
      propertyPath: m_LocalRotation.x
      value: 0.0000000055879354
      objectReference: {fileID: 0}
    - target: {fileID: 5922321316333361825, guid: 4b7d78051d509b447acdc9096dc195da,
        type: 3}
      propertyPath: m_LocalRotation.y
      value: -0.9990483
      objectReference: {fileID: 0}
    - target: {fileID: 5922321316333361825, guid: 4b7d78051d509b447acdc9096dc195da,
        type: 3}
      propertyPath: m_LocalRotation.z
      value: 0.04361941
      objectReference: {fileID: 0}
    - target: {fileID: 5922321316333361825, guid: 4b7d78051d509b447acdc9096dc195da,
        type: 3}
      propertyPath: m_LocalRotation.w
      value: 0
      objectReference: {fileID: 0}
    - target: {fileID: 5922321316333361825, guid: 4b7d78051d509b447acdc9096dc195da,
        type: 3}
      propertyPath: m_RootOrder
      value: 0
      objectReference: {fileID: 0}
    - target: {fileID: 5922321316333361825, guid: 4b7d78051d509b447acdc9096dc195da,
        type: 3}
      propertyPath: m_LocalEulerAnglesHint.x
      value: 5
      objectReference: {fileID: 0}
    - target: {fileID: 5922321316333361825, guid: 4b7d78051d509b447acdc9096dc195da,
        type: 3}
      propertyPath: m_LocalEulerAnglesHint.y
      value: -179.99998
      objectReference: {fileID: 0}
    - target: {fileID: 5922321316333361825, guid: 4b7d78051d509b447acdc9096dc195da,
        type: 3}
      propertyPath: m_LocalEulerAnglesHint.z
      value: 0
      objectReference: {fileID: 0}
    - target: {fileID: 5922321316333361825, guid: 4b7d78051d509b447acdc9096dc195da,
        type: 3}
      propertyPath: m_LocalScale.x
      value: 0.7646976
      objectReference: {fileID: 0}
    - target: {fileID: 5922321316333361825, guid: 4b7d78051d509b447acdc9096dc195da,
        type: 3}
      propertyPath: m_LocalScale.y
      value: 0.7646977
      objectReference: {fileID: 0}
    - target: {fileID: 5922321316333361825, guid: 4b7d78051d509b447acdc9096dc195da,
        type: 3}
      propertyPath: m_LocalScale.z
      value: 0.7646977
      objectReference: {fileID: 0}
    m_RemovedComponents: []
  m_SourcePrefab: {fileID: 100100000, guid: 4b7d78051d509b447acdc9096dc195da, type: 3}
--- !u!4 &5292213092806007630 stripped
Transform:
  m_CorrespondingSourceObject: {fileID: 5922321316333361825, guid: 4b7d78051d509b447acdc9096dc195da,
    type: 3}
  m_PrefabInstance: {fileID: 1964123697721213423}
  m_PrefabAsset: {fileID: 0}
--- !u!1001 &2820815278413954573
PrefabInstance:
  m_ObjectHideFlags: 0
  serializedVersion: 2
  m_Modification:
    m_TransformParent: {fileID: 6376243644746110710}
    m_Modifications:
    - target: {fileID: 7235901436734793906, guid: 4b7d78051d509b447acdc9096dc195da,
        type: 3}
      propertyPath: m_Name
      value: drumstick (3)
      objectReference: {fileID: 0}
    - target: {fileID: 5922321316333361825, guid: 4b7d78051d509b447acdc9096dc195da,
        type: 3}
      propertyPath: m_LocalPosition.x
      value: 0.031158328
      objectReference: {fileID: 0}
    - target: {fileID: 5922321316333361825, guid: 4b7d78051d509b447acdc9096dc195da,
        type: 3}
      propertyPath: m_LocalPosition.y
      value: 0.9442751
      objectReference: {fileID: 0}
    - target: {fileID: 5922321316333361825, guid: 4b7d78051d509b447acdc9096dc195da,
        type: 3}
      propertyPath: m_LocalPosition.z
      value: 0.6250002
      objectReference: {fileID: 0}
    - target: {fileID: 5922321316333361825, guid: 4b7d78051d509b447acdc9096dc195da,
        type: 3}
      propertyPath: m_LocalRotation.x
      value: 0.0000000055879354
      objectReference: {fileID: 0}
    - target: {fileID: 5922321316333361825, guid: 4b7d78051d509b447acdc9096dc195da,
        type: 3}
      propertyPath: m_LocalRotation.y
      value: -0.9990483
      objectReference: {fileID: 0}
    - target: {fileID: 5922321316333361825, guid: 4b7d78051d509b447acdc9096dc195da,
        type: 3}
      propertyPath: m_LocalRotation.z
      value: 0.04361941
      objectReference: {fileID: 0}
    - target: {fileID: 5922321316333361825, guid: 4b7d78051d509b447acdc9096dc195da,
        type: 3}
      propertyPath: m_LocalRotation.w
      value: 0
      objectReference: {fileID: 0}
    - target: {fileID: 5922321316333361825, guid: 4b7d78051d509b447acdc9096dc195da,
        type: 3}
      propertyPath: m_RootOrder
      value: 4
      objectReference: {fileID: 0}
    - target: {fileID: 5922321316333361825, guid: 4b7d78051d509b447acdc9096dc195da,
        type: 3}
      propertyPath: m_LocalEulerAnglesHint.x
      value: 5
      objectReference: {fileID: 0}
    - target: {fileID: 5922321316333361825, guid: 4b7d78051d509b447acdc9096dc195da,
        type: 3}
      propertyPath: m_LocalEulerAnglesHint.y
      value: -179.99998
      objectReference: {fileID: 0}
    - target: {fileID: 5922321316333361825, guid: 4b7d78051d509b447acdc9096dc195da,
        type: 3}
      propertyPath: m_LocalEulerAnglesHint.z
      value: 0
      objectReference: {fileID: 0}
    - target: {fileID: 5922321316333361825, guid: 4b7d78051d509b447acdc9096dc195da,
        type: 3}
      propertyPath: m_LocalScale.x
      value: 0.7646976
      objectReference: {fileID: 0}
    - target: {fileID: 5922321316333361825, guid: 4b7d78051d509b447acdc9096dc195da,
        type: 3}
      propertyPath: m_LocalScale.y
      value: 0.7646977
      objectReference: {fileID: 0}
    - target: {fileID: 5922321316333361825, guid: 4b7d78051d509b447acdc9096dc195da,
        type: 3}
      propertyPath: m_LocalScale.z
      value: 0.7646977
      objectReference: {fileID: 0}
    m_RemovedComponents: []
  m_SourcePrefab: {fileID: 100100000, guid: 4b7d78051d509b447acdc9096dc195da, type: 3}
--- !u!4 &8436864229190771884 stripped
Transform:
  m_CorrespondingSourceObject: {fileID: 5922321316333361825, guid: 4b7d78051d509b447acdc9096dc195da,
    type: 3}
  m_PrefabInstance: {fileID: 2820815278413954573}
  m_PrefabAsset: {fileID: 0}
--- !u!1001 &5953378759341104848
PrefabInstance:
  m_ObjectHideFlags: 0
  serializedVersion: 2
  m_Modification:
    m_TransformParent: {fileID: 6376243644746110710}
    m_Modifications:
    - target: {fileID: 7235901436734793906, guid: 4b7d78051d509b447acdc9096dc195da,
        type: 3}
      propertyPath: m_Name
      value: drumstick (4)
      objectReference: {fileID: 0}
    - target: {fileID: 5922321316333361825, guid: 4b7d78051d509b447acdc9096dc195da,
        type: 3}
      propertyPath: m_LocalPosition.x
      value: -0.30784607
      objectReference: {fileID: 0}
    - target: {fileID: 5922321316333361825, guid: 4b7d78051d509b447acdc9096dc195da,
        type: 3}
      propertyPath: m_LocalPosition.y
      value: 0.9442751
      objectReference: {fileID: 0}
    - target: {fileID: 5922321316333361825, guid: 4b7d78051d509b447acdc9096dc195da,
        type: 3}
      propertyPath: m_LocalPosition.z
      value: 0.6250002
      objectReference: {fileID: 0}
    - target: {fileID: 5922321316333361825, guid: 4b7d78051d509b447acdc9096dc195da,
        type: 3}
      propertyPath: m_LocalRotation.x
      value: 0.0000000055879354
      objectReference: {fileID: 0}
    - target: {fileID: 5922321316333361825, guid: 4b7d78051d509b447acdc9096dc195da,
        type: 3}
      propertyPath: m_LocalRotation.y
      value: -0.9990483
      objectReference: {fileID: 0}
    - target: {fileID: 5922321316333361825, guid: 4b7d78051d509b447acdc9096dc195da,
        type: 3}
      propertyPath: m_LocalRotation.z
      value: 0.04361941
      objectReference: {fileID: 0}
    - target: {fileID: 5922321316333361825, guid: 4b7d78051d509b447acdc9096dc195da,
        type: 3}
      propertyPath: m_LocalRotation.w
      value: 0
      objectReference: {fileID: 0}
    - target: {fileID: 5922321316333361825, guid: 4b7d78051d509b447acdc9096dc195da,
        type: 3}
      propertyPath: m_RootOrder
      value: 5
      objectReference: {fileID: 0}
    - target: {fileID: 5922321316333361825, guid: 4b7d78051d509b447acdc9096dc195da,
        type: 3}
      propertyPath: m_LocalEulerAnglesHint.x
      value: 5
      objectReference: {fileID: 0}
    - target: {fileID: 5922321316333361825, guid: 4b7d78051d509b447acdc9096dc195da,
        type: 3}
      propertyPath: m_LocalEulerAnglesHint.y
      value: -179.99998
      objectReference: {fileID: 0}
    - target: {fileID: 5922321316333361825, guid: 4b7d78051d509b447acdc9096dc195da,
        type: 3}
      propertyPath: m_LocalEulerAnglesHint.z
      value: 0
      objectReference: {fileID: 0}
    - target: {fileID: 5922321316333361825, guid: 4b7d78051d509b447acdc9096dc195da,
        type: 3}
      propertyPath: m_LocalScale.x
      value: 0.7646976
      objectReference: {fileID: 0}
    - target: {fileID: 5922321316333361825, guid: 4b7d78051d509b447acdc9096dc195da,
        type: 3}
      propertyPath: m_LocalScale.y
      value: 0.7646977
      objectReference: {fileID: 0}
    - target: {fileID: 5922321316333361825, guid: 4b7d78051d509b447acdc9096dc195da,
        type: 3}
      propertyPath: m_LocalScale.z
      value: 0.7646977
      objectReference: {fileID: 0}
    m_RemovedComponents: []
  m_SourcePrefab: {fileID: 100100000, guid: 4b7d78051d509b447acdc9096dc195da, type: 3}
--- !u!4 &49233572806509681 stripped
Transform:
  m_CorrespondingSourceObject: {fileID: 5922321316333361825, guid: 4b7d78051d509b447acdc9096dc195da,
    type: 3}
  m_PrefabInstance: {fileID: 5953378759341104848}
  m_PrefabAsset: {fileID: 0}
--- !u!1001 &7649148359726196373
PrefabInstance:
  m_ObjectHideFlags: 0
  serializedVersion: 2
  m_Modification:
    m_TransformParent: {fileID: 6376243644746110710}
    m_Modifications:
    - target: {fileID: 7235901436734793906, guid: 4b7d78051d509b447acdc9096dc195da,
        type: 3}
      propertyPath: m_Name
      value: drumstick (5)
      objectReference: {fileID: 0}
    - target: {fileID: 5922321316333361825, guid: 4b7d78051d509b447acdc9096dc195da,
        type: 3}
      propertyPath: m_LocalPosition.x
      value: -0.22584498
      objectReference: {fileID: 0}
    - target: {fileID: 5922321316333361825, guid: 4b7d78051d509b447acdc9096dc195da,
        type: 3}
      propertyPath: m_LocalPosition.y
      value: 0.9442751
      objectReference: {fileID: 0}
    - target: {fileID: 5922321316333361825, guid: 4b7d78051d509b447acdc9096dc195da,
        type: 3}
      propertyPath: m_LocalPosition.z
      value: 0.6250002
      objectReference: {fileID: 0}
    - target: {fileID: 5922321316333361825, guid: 4b7d78051d509b447acdc9096dc195da,
        type: 3}
      propertyPath: m_LocalRotation.x
      value: 0.0000000055879354
      objectReference: {fileID: 0}
    - target: {fileID: 5922321316333361825, guid: 4b7d78051d509b447acdc9096dc195da,
        type: 3}
      propertyPath: m_LocalRotation.y
      value: -0.9990483
      objectReference: {fileID: 0}
    - target: {fileID: 5922321316333361825, guid: 4b7d78051d509b447acdc9096dc195da,
        type: 3}
      propertyPath: m_LocalRotation.z
      value: 0.04361941
      objectReference: {fileID: 0}
    - target: {fileID: 5922321316333361825, guid: 4b7d78051d509b447acdc9096dc195da,
        type: 3}
      propertyPath: m_LocalRotation.w
      value: 0
      objectReference: {fileID: 0}
    - target: {fileID: 5922321316333361825, guid: 4b7d78051d509b447acdc9096dc195da,
        type: 3}
      propertyPath: m_RootOrder
      value: 6
      objectReference: {fileID: 0}
    - target: {fileID: 5922321316333361825, guid: 4b7d78051d509b447acdc9096dc195da,
        type: 3}
      propertyPath: m_LocalEulerAnglesHint.x
      value: 5
      objectReference: {fileID: 0}
    - target: {fileID: 5922321316333361825, guid: 4b7d78051d509b447acdc9096dc195da,
        type: 3}
      propertyPath: m_LocalEulerAnglesHint.y
      value: -179.99998
      objectReference: {fileID: 0}
    - target: {fileID: 5922321316333361825, guid: 4b7d78051d509b447acdc9096dc195da,
        type: 3}
      propertyPath: m_LocalEulerAnglesHint.z
      value: 0
      objectReference: {fileID: 0}
    - target: {fileID: 5922321316333361825, guid: 4b7d78051d509b447acdc9096dc195da,
        type: 3}
      propertyPath: m_LocalScale.x
      value: 0.7646976
      objectReference: {fileID: 0}
    - target: {fileID: 5922321316333361825, guid: 4b7d78051d509b447acdc9096dc195da,
        type: 3}
      propertyPath: m_LocalScale.y
      value: 0.7646977
      objectReference: {fileID: 0}
    - target: {fileID: 5922321316333361825, guid: 4b7d78051d509b447acdc9096dc195da,
        type: 3}
      propertyPath: m_LocalScale.z
      value: 0.7646977
      objectReference: {fileID: 0}
    m_RemovedComponents: []
  m_SourcePrefab: {fileID: 100100000, guid: 4b7d78051d509b447acdc9096dc195da, type: 3}
--- !u!4 &4041826991609740340 stripped
Transform:
  m_CorrespondingSourceObject: {fileID: 5922321316333361825, guid: 4b7d78051d509b447acdc9096dc195da,
    type: 3}
  m_PrefabInstance: {fileID: 7649148359726196373}
  m_PrefabAsset: {fileID: 0}
--- !u!1001 &9002460997782290568
PrefabInstance:
  m_ObjectHideFlags: 0
  serializedVersion: 2
  m_Modification:
    m_TransformParent: {fileID: 6376243644746110710}
    m_Modifications:
    - target: {fileID: 7235901436734793906, guid: 4b7d78051d509b447acdc9096dc195da,
        type: 3}
      propertyPath: m_Name
      value: drumstick (1)
      objectReference: {fileID: 0}
    - target: {fileID: 5922321316333361825, guid: 4b7d78051d509b447acdc9096dc195da,
        type: 3}
      propertyPath: m_LocalPosition.x
      value: 0.2841495
      objectReference: {fileID: 0}
    - target: {fileID: 5922321316333361825, guid: 4b7d78051d509b447acdc9096dc195da,
        type: 3}
      propertyPath: m_LocalPosition.y
      value: 0.9442751
      objectReference: {fileID: 0}
    - target: {fileID: 5922321316333361825, guid: 4b7d78051d509b447acdc9096dc195da,
        type: 3}
      propertyPath: m_LocalPosition.z
      value: 0.6250002
      objectReference: {fileID: 0}
    - target: {fileID: 5922321316333361825, guid: 4b7d78051d509b447acdc9096dc195da,
        type: 3}
      propertyPath: m_LocalRotation.x
      value: 0.0000000055879354
      objectReference: {fileID: 0}
    - target: {fileID: 5922321316333361825, guid: 4b7d78051d509b447acdc9096dc195da,
        type: 3}
      propertyPath: m_LocalRotation.y
      value: -0.9990483
      objectReference: {fileID: 0}
    - target: {fileID: 5922321316333361825, guid: 4b7d78051d509b447acdc9096dc195da,
        type: 3}
      propertyPath: m_LocalRotation.z
      value: 0.04361941
      objectReference: {fileID: 0}
    - target: {fileID: 5922321316333361825, guid: 4b7d78051d509b447acdc9096dc195da,
        type: 3}
      propertyPath: m_LocalRotation.w
      value: 0
      objectReference: {fileID: 0}
    - target: {fileID: 5922321316333361825, guid: 4b7d78051d509b447acdc9096dc195da,
        type: 3}
      propertyPath: m_RootOrder
      value: 1
      objectReference: {fileID: 0}
    - target: {fileID: 5922321316333361825, guid: 4b7d78051d509b447acdc9096dc195da,
        type: 3}
      propertyPath: m_LocalEulerAnglesHint.x
      value: 5
      objectReference: {fileID: 0}
    - target: {fileID: 5922321316333361825, guid: 4b7d78051d509b447acdc9096dc195da,
        type: 3}
      propertyPath: m_LocalEulerAnglesHint.y
      value: -179.99998
      objectReference: {fileID: 0}
    - target: {fileID: 5922321316333361825, guid: 4b7d78051d509b447acdc9096dc195da,
        type: 3}
      propertyPath: m_LocalEulerAnglesHint.z
      value: 0
      objectReference: {fileID: 0}
    - target: {fileID: 5922321316333361825, guid: 4b7d78051d509b447acdc9096dc195da,
        type: 3}
      propertyPath: m_LocalScale.x
      value: 0.7646976
      objectReference: {fileID: 0}
    - target: {fileID: 5922321316333361825, guid: 4b7d78051d509b447acdc9096dc195da,
        type: 3}
      propertyPath: m_LocalScale.y
      value: 0.7646977
      objectReference: {fileID: 0}
    - target: {fileID: 5922321316333361825, guid: 4b7d78051d509b447acdc9096dc195da,
        type: 3}
      propertyPath: m_LocalScale.z
      value: 0.7646977
      objectReference: {fileID: 0}
    m_RemovedComponents: []
  m_SourcePrefab: {fileID: 100100000, guid: 4b7d78051d509b447acdc9096dc195da, type: 3}
--- !u!4 &3377529607960484393 stripped
Transform:
  m_CorrespondingSourceObject: {fileID: 5922321316333361825, guid: 4b7d78051d509b447acdc9096dc195da,
    type: 3}
  m_PrefabInstance: {fileID: 9002460997782290568}
  m_PrefabAsset: {fileID: 0}
